<?xml version="1.0" encoding="UTF-8"?><collection xmlns="http://www.loc.gov/MARC21/slim"><record><leader>00346nam--2200121-i-4500</leader><controlfield tag="001">000042577</controlfield><controlfield tag="002">20161230</controlfield><controlfield tag="005">20161230201043</controlfield><controlfield tag="008">060222s1000------------r-----000-0-eng-d</controlfield><datafield ind1=" " ind2=" " tag="245"><subfield code="a">Stability vonstants of metal-ion complexes. section 2:organic ligands</subfield></datafield><datafield ind1=" " ind2=" " tag="260"><subfield code="a">London, Chemical Society, 1964. Xviiii+754 P</subfield></datafield><datafield ind1=" " ind2=" " tag="490"><subfield code="a">Special Pub</subfield></datafield><datafield ind1=" " ind2=" " tag="852"><subfield code="a">14038</subfield></datafield></record></collection>